<?xml version="1.0" encoding="UTF-8"?><collection xmlns="http://www.loc.gov/MARC21/slim"><record><leader>00340nam--2200121-i-4500</leader><controlfield tag="001">000034826</controlfield><controlfield tag="002">20161230</controlfield><controlfield tag="005">20161230201040</controlfield><controlfield tag="008">060222s1000------------r-----000-0-eng-d</controlfield><datafield ind1=" " ind2=" " tag="245"><subfield code="a">Norme de tehnica securitatii la instalatiile electrice</subfield></datafield><datafield ind1=" " ind2=" " tag="260"><subfield code="a">/Bucuresti/Oped, 1957, 436p.Lito</subfield></datafield><datafield ind1=" " ind2=" " tag="490"><subfield code="a">Min.En.El.- Comit.Central Al Sind</subfield></datafield><datafield ind1=" " ind2=" " tag="852"><subfield code="a">4596</subfield></datafield></record></collection>